@article{Ringholm-JCC-35-622,
  author = {Ringholm, Magnus and Jonsson, Dan and Ruud, Kenneth},
  title = {{A General, Recursive, and Open-Ended Response Code}},
  journal = {J. Comput. Chem.},
  volume = {35},
  number = {8},
  pages = {622--633},
  year = {2014}
}
