@misc{OpenRSP,
  author = {Radovan Bast and Daniel H. Friese and Bin Gao and Dan J. Jonsson and Magnus Ringholm and Kenneth Ruud and Andreas Thorvaldsen},
  title = {{OpenRSP Version 1.0.0}},
  year = {2015},
  note = {https://gitlab.com/openrsp}
}
