@article{Thorvaldsen-JCP-129-214108,
   author = {Thorvaldsen, Andreas J. and Ruud, Kenneth and Kristensen, Kasper and J{\o}rgensen, Poul and Coriani, Sonia},
   title = {{A density matrix-based quasienergy formulation of the Kohn--Sham density functional response theory using perturbation- and time-dependent basis sets}},
   journal = {J. Chem. Phys.},
   year = {2008},
   volume = {129},
   number = {21}, 
   pages = {214108}
}

@article{Bast-PCCP-13-2627,
  author = {Bast, Radovan and Ekstr\"{o}m, Ulf and Gao, Bin and Helgaker, Trygve and Ruud, Kenneth and Thorvaldsen, Andreas J.},
  title = {{The ab initio calculation of molecular electric, magnetic and geometric properties}},
  journal = {Phys. Chem. Chem. Phys.},
  year = {2011},
  volume = {13},
  number = {7},
  pages = {2627--2651}
}

@article{Bast-CP-356-177,
  title = {{Atomic orbital-based cubic response theory for one-, two-, and four-component relativistic self-consistent field models}},
  journal = {Chem. Phys.},
  volume = {356},
  number = {1--3},
  pages = {177--186},
  year = {2009},
  author = {Radovan Bast and Andreas J. Thorvaldsen and Magnus Ringholm and Kenneth Ruud}
}

@article{Ringholm-JCC-35-622,
  author = {Ringholm, Magnus and Jonsson, Dan and Ruud, Kenneth},
  title = {{A General, Recursive, and Open-Ended Response Code}},
  journal = {J. Comput. Chem.},
  volume = {35},
  number = {8},
  pages = {622--633},
  year = {2014}
}

@article{Friese-JCTC-11-1129,
  author = {Friese, Daniel H. and Beerepoot, Maarten T. P. and Ringholm, Magnus and Ruud, Kenneth},
  title = {{Open-Ended Recursive Approach for the Calculation of Multiphoton Absorption Matrix Elements}},
  journal = {J. Chem. Theory Comput.},
  volume = {11},
  number = {3},
  pages = {1129--1144},
  year = {2015},
}
